@book{lambert:1991,
    author = {Lambert, J.D.},
    title = {Numerical Methods for Ordinary Differential Systems: The Initial Value Problem},
    year = {1991},
    publisher = {Wiley}
}

@online{dawkins:2022,
    author = {Dawkins, P}, 
    title = {Paul's Online Notes: Boundary Value Problems},
    year = {2022},
    url = {https://tutorial.math.lamar.edu/classes/de/BoundaryValueProblem.aspx},
    url-date = {2022-06-24},
}